@article{DelRe1958,
  title={812. A simple MO--LCAO method for the calculation of charge distributions in saturated organic molecules},
  author={Del Re, Giuseppe},
  journal={Journal of the Chemical Society (Resumed)},
  pages={4031--4040},
  year={1958},
  publisher={Royal Society of Chemistry}
}

@article{Gasteiger1980,
  title={Iterative partial equalization of orbital electronegativityâ€”a rapid access to atomic charges},
  author={Gasteiger, Johann and Marsili, Mario},
  journal={Tetrahedron},
  volume={36},
  number={22},
  pages={3219--3228},
  year={1980},
  publisher={Elsevier}
}

@article{Gasteiger1978,
  title={A new model for calculating atomic charges in molecules},
  author={Gasteiger, Johann and Marsili, Mario},
  journal={Tetrahedron Letters},
  volume={19},
  number={34},
  pages={3181--3184},
  year={1978},
  publisher={Elsevier}
}

@article{Abraham1982,
  title={Approaches to charge calculations in molecular mechanics},
  author={Abraham, Raymond J and Griffiths, Lee and Loftus, Philip},
  journal={Journal of Computational Chemistry},
  volume={3},
  number={3},
  pages={407--416},
  year={1982},
  publisher={Wiley Online Library}
}

@article{Abraham1984,
  title={Approaches to charge calculations in molecular mechanics. 2 Resonance effects in conjugated systems},
  author={Abraham, Raymond J and Hudson, Brian},
  journal={Journal of computational chemistry},
  volume={5},
  number={6},
  pages={562--570},
  year={1984},
  publisher={Wiley Online Library}
}

@article{Mullay1986,
  title={A simple method for calculating atomic charge in molecules},
  author={Mullay, John},
  journal={Journal of the American Chemical Society},
  volume={108},
  number={8},
  pages={1770--1775},
  year={1986},
  publisher={ACS Publications}
}

@article{Mortier1986,
  title={Electronegativity-equalization method for the calculation of atomic charges in molecules},
  author={Mortier, Wilfried J and Ghosh, Swapan K and Shankar, S},
  journal={Journal of the American Chemical Society},
  volume={108},
  number={15},
  pages={4315--4320},
  year={1986},
  publisher={ACS Publications}
}

@article{Njo1998,
  title={Extending and simplifying the electronegativity equalization method1},
  author={Njo, Swie Lan and Fan, Jianfen and van de Graaf, Bastiaan},
  journal={Journal of Molecular Catalysis A: Chemical},
  volume={134},
  number={1-3},
  pages={79--88},
  year={1998},
  publisher={Elsevier}
}

@article{No1990,
  title={Determination of net atomic charges using a modified partial equalization of orbital electronegativity method. 1. Application to neutral molecules as models for polypeptides},
  author={No, Kyoung Tai and Grant, J Andrew and Scheraga, Harold A},
  journal={Journal of Physical Chemistry},
  volume={94},
  number={11},
  pages={4732--4739},
  year={1990},
  publisher={ACS Publications}
}

@article{Rappe1991,
  title={Charge equilibration for molecular dynamics simulations},
  author={Rappe, Anthony K and Goddard III, William A},
  journal={The Journal of Physical Chemistry},
  volume={95},
  number={8},
  pages={3358--3363},
  year={1991},
  publisher={ACS Publications}
}

@article{Sefcik2002,
  title={Dynamic Charge Equilibration-Morse stretch force field: Application to energetics of pure silica zeolites},
  author={Sefcik, Jan and Demiralp, Ersan and Cagin, Tahir and Goddard, William A},
  journal={Journal of computational chemistry},
  volume={23},
  number={16},
  pages={1507--1514},
  year={2002},
  publisher={Wiley Online Library}
}

@article{Oda2003,
  title={Geometry-dependent atomic charge calculations using charge equilibration method with empirical two-center Coulombic terms},
  author={Oda, Akifumi and Hirono, Shuichi},
  journal={Journal of Molecular Structure: THEOCHEM},
  volume={634},
  number={1-3},
  pages={159--170},
  year={2003},
  publisher={Elsevier}
}

@article{Mataga1957,
  title={Electronic structure and spectra of nitrogen heterocycles},
  author={Mataga, Noboru and Nishimoto, Kitisuke},
  journal={Z. phys. Chem},
  volume={13},
  pages={140--157},
  year={1957}
}

@article{Ridley1973,
  title={An intermediate neglect of differential overlap technique for spectroscopy: pyrrole and the azines},
  author={Ridley, J and Zerner, Michael},
  journal={Theoretica chimica acta},
  volume={32},
  number={2},
  pages={111--134},
  year={1973},
  publisher={Springer}
}

@article{Ohno1964,
  title={Some remarks on the Pariser-Parr-Pople method},
  author={Ohno, Kimio},
  journal={Theoretica chimica acta},
  volume={2},
  number={3},
  pages={219--227},
  year={1964},
  publisher={Springer}
}

@article{Klopman1965,
  title={A Semiempirical Treatment of Molecular Structures. III. Equipotential Orbitals for Polyatomic Systems},
  author={Klopman, G},
  journal={Journal of the American Chemical Society},
  volume={87},
  number={15},
  pages={3300--3303},
  year={1965},
  publisher={ACS Publications}
}

@article{DasGupta1974,
  title={New developments in CNDO molecular orbital theory},
  author={DasGupta, Archana and Huzinaga, Sigeru},
  journal={Theoretica chimica acta},
  volume={35},
  number={4},
  pages={329--340},
  year={1974},
  publisher={Springer}
}

@article{Louwen1998,
  title={Semi-empirical atomic charges for use in computational chemistry of molecular sieves},
  author={Louwen, Jaap N and Vogt, Eelco TC},
  journal={Journal of Molecular Catalysis A: Chemical},
  volume={134},
  number={1-3},
  pages={63--77},
  year={1998},
  publisher={Elsevier}
}

@article{Yang1997,
  title={Atom- bond electronegativity equalization method. 1. Calculation of the charge distribution in large molecules},
  author={Yang, Zhong-Zhi and Wang, Chang-Sheng},
  journal={The Journal of Physical Chemistry A},
  volume={101},
  number={35},
  pages={6315--6321},
  year={1997},
  publisher={ACS Publications}
}

@article{Wang1999,
  title={Atom--bond electronegativity equalization method. II. Lone-pair electron model},
  author={Wang, Chang-Sheng and Yang, Zhong-Zhi},
  journal={The Journal of chemical physics},
  volume={110},
  number={13},
  pages={6189--6197},
  year={1999},
  publisher={AIP}
}

@article{Chelli1999,
  title={Electrical response in chemical potential equalization schemes},
  author={Chelli, Riccardo and Procacci, Piero and Righini, Roberto and Califano, Salvatore},
  journal={The Journal of chemical physics},
  volume={111},
  number={18},
  pages={8569--8575},
  year={1999},
  publisher={AIP}
}

@article{Cong2000,
  title={General atom-bond electronegativity equalization method and its application in prediction of charge distributions in polypeptide},
  author={Cong, Yao and Yang, Zhong-Zhi},
  journal={Chemical Physics Letters},
  volume={316},
  number={3-4},
  pages={324--329},
  year={2000},
  publisher={Elsevier}
}

@article{Cho2001,
  title={A fast method for calculating geometry-dependent net atomic charges for polypeptides},
  author={Cho, Kwang-Hwi and Kang, Young Kee and No, Kyoung Tai and Scheraga, Harold A},
  journal={The Journal of Physical Chemistry B},
  volume={105},
  number={17},
  pages={3624--3634},
  year={2001},
  publisher={ACS Publications}
}

@article{Kang2008,
  title={An efficient method for calculating atomic charges of peptides and proteins from electronic populations},
  author={Kang, Young Kee and Scheraga, Harold A},
  journal={The Journal of Physical Chemistry B},
  volume={112},
  number={17},
  pages={5470--5478},
  year={2008},
  publisher={ACS Publications}
}

@article{Oliferenko2001,
  title={Novel point charge models: reliable instruments formolecular electrostatic},
  author={Oliferenko, Alexander A and Palyulin, Vladimir A and Pisarev, Sergei A and Neiman, Alexei V and Zefirov, Nikolai S},
  journal={Journal of Physical Organic Chemistry},
  volume={14},
  number={6},
  pages={355--369},
  year={2001},
  publisher={Wiley Online Library}
}

@inproceedings{Oliferenko2000,
  title={A new topological model for the calculation of partial atomic charges},
  author={Oliferenko, AA and Palyulin, VA and Neiman, AV and Zefirov, NS},
  booktitle={Doklady Chemistry},
  volume={375},
  number={4-6},
  pages={281--284},
  year={2000},
  organization={Springer}
}

@article{Gilson2003,
  title={Fast assignment of accurate partial atomic charges: an electronegativity equalization method that accounts for alternate resonance forms},
  author={Gilson, Michael K and Gilson, Hillary SR and Potter, Michael J},
  journal={Journal of chemical information and computer sciences},
  volume={43},
  number={6},
  pages={1982--1997},
  year={2003},
  publisher={ACS Publications}
}

@article{Chaves2006,
  title={Toward an alternative hardness kernel matrix structure in the Electronegativity Equalization Method (EEM)},
  author={Chaves, J and Barroso, Joan M and Bultinck, Patrick and Carb{\'o}-Dorca, Ramon},
  journal={Journal of chemical information and modeling},
  volume={46},
  number={4},
  pages={1657--1665},
  year={2006},
  publisher={ACS Publications}
}

@article{Nistor2006,
  title={A generalization of the charge equilibration method for nonmetallic materials},
  author={Nistor, Razvan A and Polihronov, Jeliazko G and M{\"u}ser, Martin H and Mosey, Nicholas J},
  journal={The Journal of chemical physics},
  volume={125},
  number={9},
  pages={094108},
  year={2006},
  publisher={AIP}
}

@article{Verstraelen2012,
  title={Assessment of atomic charge models for gas-phase computations on polypeptides},
  author={Verstraelen, Toon and Pauwels, Ewald and De Proft, Frank and Van Speybroeck, Veronique and Geerlings, Paul and Waroquier, Michel},
  journal={Journal of chemical theory and computation},
  volume={8},
  number={2},
  pages={661--676},
  year={2012},
  publisher={ACS Publications}
}

@article{Chen2007,
  title={QTPIE: Charge transfer with polarization current equalization. A fluctuating charge model with correct asymptotics},
  author={Chen, Jiahao and Mart{\'\i}nez, Todd J},
  journal={Chemical physics letters},
  volume={438},
  number={4-6},
  pages={315--320},
  year={2007},
  publisher={Elsevier}
}

@article{Chen2008,
  title={A unified theoretical framework for fluctuating-charge models in atom-space and in bond-space},
  author={Chen, Jiahao and Hundertmark, Dirk and Mart{\'\i}nez, Todd J},
  journal={The Journal of chemical physics},
  volume={129},
  number={21},
  pages={214113},
  year={2008},
  publisher={AIP}
}

@article{Yakovenko2008,
  title={Kirchhoff atomic charges fitted to multipole moments: implementation for a virtual screening system},
  author={Yakovenko, Olexander and Oliferenko, Alexander A and Bdzhola, Volodymyr G and Palyulin, Vladimir A and Zefirov, Nikolai S},
  journal={Journal of computational chemistry},
  volume={29},
  number={8},
  pages={1332--1343},
  year={2008},
  publisher={Wiley Online Library}
}

@article{Shulga2008,
  title={Fast tools for calculation of atomic charges well suited for drug design},
  author={Shulga, DA and Oliferenko, AA and Pisarev, SA and Palyulin, VA and Zefirov, NS},
  journal={SAR and QSAR in Environmental Research},
  volume={19},
  number={1-2},
  pages={153--165},
  year={2008},
  publisher={Taylor \& Francis}
}

@article{Zhang2009,
  title={Self-Consistent Charge Equilibration Method and Its Application to Au13Na n (n= 1, 10) Clusters},
  author={Zhang, Min and Fournier, Ren{\'e}},
  journal={The Journal of Physical Chemistry A},
  volume={113},
  number={13},
  pages={3162--3170},
  year={2009},
  publisher={ACS Publications}
}

@article{Wu2011,
  title={Equalized electronegativity based on the valence electrons and its application},
  author={Wu, Ya-xin and Cao, Chen-zhong and Yuan, Hua},
  journal={Chinese Journal of Chemical Physics},
  volume={24},
  number={1},
  pages={31},
  year={2011},
  publisher={IOP Publishing}
}

@article{Wilmer2012,
  title={An extended charge equilibration method},
  author={Wilmer, Christopher E and Kim, Ki Chul and Snurr, Randall Q},
  journal={The journal of physical chemistry letters},
  volume={3},
  number={17},
  pages={2506--2511},
  year={2012},
  publisher={ACS Publications}
}

@article{Comba2013,
  title={An efficient fluctuating charge model for transition metal complexes},
  author={Comba, Peter and Martin, Bodo and Sanyal, Avik},
  journal={Journal of computational chemistry},
  volume={34},
  number={18},
  pages={1598--1608},
  year={2013},
  publisher={Wiley Online Library}
}

@article{Verstraelen2013,
  title={ACKS2: Atom-condensed Kohn-Sham DFT approximated to second order},
  author={Verstraelen, Toon and Ayers, PW and Van Speybroeck, Veronique and Waroquier, Michel},
  journal={The Journal of chemical physics},
  volume={138},
  number={7},
  pages={074108},
  year={2013},
  publisher={AIP}
}

@article{MartinNoble2015,
  title={EQeq+ C: an empirical bond-order-corrected extended charge equilibration method},
  author={Martin-Noble, Geoffrey C and Reilley, David and Rivas, Luis M and Smith, Matthew D and Schrier, Joshua},
  journal={Journal of chemical theory and computation},
  volume={11},
  number={7},
  pages={3364--3374},
  year={2015},
  publisher={ACS Publications}
}

@article{Ionescu2015,
  title={AtomicChargeCalculator: interactive web-based calculation of atomic charges in large biomolecular complexes and drug-like molecules},
  author={Ionescu, Crina-Maria and Sehnal, David and Falginella, Francesco L and Pant, Purbaj and Pravda, Luk{\'a}{\v{s}} and Bouchal, Tom{\'a}{\v{s}} and Va{\v{r}}ekov{\'a}, Radka Svobodov{\'a} and Geidl, Stanislav and Ko{\v{c}}a, Jaroslav},
  journal={Journal of cheminformatics},
  volume={7},
  number={1},
  pages={50},
  year={2015},
  publisher={Nature Publishing Group}
}